<record><leader>00000cas a2200000 a 4500</leader><controlfield tag="001">11207233</controlfield><controlfield tag="008">840928d18781891kyuwr ne      0    0eng d</controlfield><datafield ind1=" " ind2=" " tag="010"><subfield code="a">sn 84027475 </subfield></datafield><datafield ind1=" " ind2=" " tag="040"><subfield code="a">NPU</subfield><subfield code="b">eng</subfield><subfield code="c">NPU</subfield><subfield code="d">KNP</subfield><subfield code="d">OCL</subfield><subfield code="d">OCLCQ</subfield><subfield code="d">KYUBL</subfield><subfield code="d">OCLCQ</subfield><subfield code="d">OCLCF</subfield><subfield code="d">OCLCO</subfield></datafield><datafield ind1="1" ind2=" " tag="029"><subfield code="a">AU@</subfield><subfield code="b">000023562692</subfield></datafield><datafield ind1=" " ind2=" " tag="042"><subfield code="a">msc</subfield></datafield><datafield ind1=" " ind2=" " tag="043"><subfield code="a">n-us-ky</subfield></datafield><datafield ind1="0" ind2=" " tag="130"><subfield code="a">Kentucky state journal (Newport, Ky. : Weekly)</subfield></datafield><datafield ind1="1" ind2="0" tag="245"><subfield code="a">Kentucky state journal.</subfield></datafield><datafield ind1=" " ind2=" " tag="260"><subfield code="a">Newport, Ky. :</subfield><subfield code="b">Newport Print. and Newspaper Co.,</subfield><subfield code="c">-1891.</subfield></datafield><datafield ind1=" " ind2=" " tag="300"><subfield code="a">v. :</subfield><subfield code="b">ill. (chiefly advertisements) ;</subfield><subfield code="c">56 cm.</subfield></datafield><datafield ind1=" " ind2=" " tag="310"><subfield code="a">Weekly</subfield></datafield><datafield ind1="1" ind2=" " tag="362"><subfield code="a">Began in 1878.</subfield><subfield code="z">Cf. Ayer, 1880.</subfield></datafield><datafield ind1="0" ind2=" " tag="362"><subfield code="a">-v. 17, no. 44 (July 2, 1891).</subfield></datafield><datafield ind1=" " ind2=" " tag="500"><subfield code="a">Published every Thursday.</subfield></datafield><datafield ind1=" " ind2=" " tag="515"><subfield code="a">Carries the same volume numbering as: Kentucky state journal (Newport, Ky. : Semiweekly).</subfield></datafield><datafield ind1=" " ind2=" " tag="588"><subfield code="a">Description based on: Vol. 4, no. 6 (Oct. 9, 1879).</subfield></datafield><datafield ind1=" " ind2="0" tag="651"><subfield code="a">Campbell County (Ky.)</subfield><subfield code="v">Newspapers.</subfield></datafield><datafield ind1=" " ind2="0" tag="651"><subfield code="a">Newport (Ky.)</subfield><subfield code="v">Newspapers.</subfield></datafield><datafield ind1=" " ind2="7" tag="655"><subfield code="a">Newspapers.</subfield><subfield code="2">fast</subfield><subfield code="0">(OCoLC)fst01423814</subfield></datafield><datafield ind1=" " ind2="7" tag="651"><subfield code="a">Kentucky</subfield><subfield code="z">Campbell County.</subfield><subfield code="2">fast</subfield><subfield code="0">(OCoLC)fst01213420</subfield></datafield><datafield ind1=" " ind2="7" tag="651"><subfield code="a">Kentucky</subfield><subfield code="z">Newport.</subfield><subfield code="2">fast</subfield><subfield code="0">(OCoLC)fst01226268</subfield></datafield><datafield ind1=" " ind2=" " tag="752"><subfield code="a">United States</subfield><subfield code="b">Kentucky</subfield><subfield code="c">Campbell</subfield><subfield code="d">Newport.</subfield></datafield><datafield ind1="0" ind2=" " tag="775"><subfield code="t">Kentucky state journal (Newport, Ky. : Semiweekly)</subfield><subfield code="w">(DLC)sn 86069009</subfield></datafield><datafield ind1="0" ind2="0" tag="780"><subfield code="t">Newport local</subfield><subfield code="w">(DLC)sn 86069008</subfield></datafield><datafield ind1="0" ind2="0" tag="785"><subfield code="t">Kentucky journal (Newport, Ky. : Weekly)</subfield><subfield code="w">(DLC)sn 86069011</subfield></datafield></record>